<?xml version="1.0" encoding="UTF-8" ?><marc:collection xmlns:marc="http://www.loc.gov/MARC21/slim" xmlns:xsi="http://www.w3.org/2001/XMLSchema-instance" xsi:schemaLocation="http://www.loc.gov/MARC21/slim http://www.loc.gov/standards/marcxml/schema/MARC21slim.xsd">
<marc:record><marc:leader>00792cem a2200229 a 4500</marc:leader>
<marc:controlfield tag="001">3618888</marc:controlfield>
<marc:controlfield tag="005">20101026130455.0</marc:controlfield><marc:controlfield tag="008">040722q1880    enkd      a     0   eng d</marc:controlfield><marc:datafield tag="034" ind1="1" ind2=" "><marc:subfield code="a">a</marc:subfield><marc:subfield code="b">253440</marc:subfield></marc:datafield><marc:datafield tag="110" ind1="2" ind2=" "><marc:subfield code="a">W.H. Smith &amp; Son.</marc:subfield></marc:datafield><marc:datafield tag="245" ind1="1" ind2="0"><marc:subfield code="a">Environs of Birmingham.</marc:subfield></marc:datafield><marc:datafield tag="246" ind1="1" ind2="4"><marc:subfield code="a">W.H.Smith &amp; Son's reduced ordnance map of  Birmingham and environs</marc:subfield></marc:datafield><marc:datafield tag="255" ind1=" " ind2=" "><marc:subfield code="a">Scale [ca. 1:253,440].</marc:subfield></marc:datafield><marc:datafield tag="260" ind1=" " ind2=" "><marc:subfield code="a">London :</marc:subfield><marc:subfield code="b">W.H. Smith &amp; Son,</marc:subfield><marc:subfield code="c">[1880?].</marc:subfield></marc:datafield><marc:datafield tag="300" ind1=" " ind2=" "><marc:subfield code="a">1 map :</marc:subfield><marc:subfield code="b">col. ;</marc:subfield><marc:subfield code="c">34 x 46 cm., folded in cover to 16 x 11 cm.</marc:subfield></marc:datafield><marc:datafield tag="500" ind1=" " ind2=" "><marc:subfield code="a">Relief shown by hachures.</marc:subfield></marc:datafield><marc:datafield tag="651" ind1=" " ind2="0"><marc:subfield code="a">Birmingham Metropolitan Area (England)</marc:subfield><marc:subfield code="v">Maps.</marc:subfield></marc:datafield><marc:datafield tag="651" ind1=" " ind2="0"><marc:subfield code="a">Warwickshire (England)</marc:subfield><marc:subfield code="v">Maps.</marc:subfield></marc:datafield><marc:datafield tag="651" ind1=" " ind2="0"><marc:subfield code="a">Staffordshire (England)</marc:subfield><marc:subfield code="v">Maps.</marc:subfield></marc:datafield><marc:datafield tag="651" ind1=" " ind2="0"><marc:subfield code="a">Worcestershire (England)</marc:subfield><marc:subfield code="v">Maps.</marc:subfield></marc:datafield><marc:datafield tag="655" ind1=" " ind2="0"><marc:subfield code="a">Maps.</marc:subfield></marc:datafield><marc:datafield tag="948" ind1="1" ind2=" "><marc:subfield code="a">20040722</marc:subfield><marc:subfield code="b">kta20</marc:subfield><marc:subfield code="c">ULMAP-h</marc:subfield><marc:subfield code="d">o</marc:subfield></marc:datafield></marc:record>