
<marc:record><marc:leader>00683cem a2200205 a 4500</marc:leader>
<marc:controlfield tag="001">3619031</marc:controlfield>
<marc:controlfield tag="005">20101026130457.0</marc:controlfield><marc:controlfield tag="008">040722q1870    enkd      a     0   eng d</marc:controlfield><marc:datafield tag="034" ind1="1" ind2=" "><marc:subfield code="a">a</marc:subfield><marc:subfield code="b">253440</marc:subfield></marc:datafield><marc:datafield tag="110" ind1="2" ind2=" "><marc:subfield code="a">W.H. Smith &amp; Son.</marc:subfield></marc:datafield><marc:datafield tag="245" ind1="1" ind2="0"><marc:subfield code="a">North Wales.</marc:subfield></marc:datafield><marc:datafield tag="246" ind1="1" ind2="4"><marc:subfield code="a">W.H.Smith &amp; Son's reduced ordnance map of North Wales</marc:subfield></marc:datafield><marc:datafield tag="255" ind1=" " ind2=" "><marc:subfield code="a">Scale [ca. 1:253,440].</marc:subfield></marc:datafield><marc:datafield tag="260" ind1=" " ind2=" "><marc:subfield code="a">London :</marc:subfield><marc:subfield code="b">W.H. Smith &amp; Son,</marc:subfield><marc:subfield code="c">[1870?].</marc:subfield></marc:datafield><marc:datafield tag="300" ind1=" " ind2=" "><marc:subfield code="a">1 map :</marc:subfield><marc:subfield code="b">col. ;</marc:subfield><marc:subfield code="c">34 x 48 cm., folded in cover to 16 x 11 cm.</marc:subfield></marc:datafield><marc:datafield tag="500" ind1=" " ind2=" "><marc:subfield code="a">Relief shown by hachures.</marc:subfield></marc:datafield><marc:datafield tag="599" ind1=" " ind2=" "><marc:subfield code="a">Presented to the Library by H.Cayley, M.A., 20th June 1923.</marc:subfield><marc:subfield code="5">UkCU</marc:subfield></marc:datafield><marc:datafield tag="651" ind1=" " ind2="0"><marc:subfield code="a">Wales, North</marc:subfield><marc:subfield code="v">Maps.</marc:subfield></marc:datafield><marc:datafield tag="655" ind1=" " ind2="0"><marc:subfield code="a">Maps.</marc:subfield></marc:datafield><marc:datafield tag="948" ind1="1" ind2=" "><marc:subfield code="a">20040722</marc:subfield><marc:subfield code="b">kta20</marc:subfield><marc:subfield code="c">ULMAP-h</marc:subfield><marc:subfield code="d">o</marc:subfield></marc:datafield></marc:record>