
<marc:record><marc:leader>00628cem a2200193 a 4500</marc:leader>
<marc:controlfield tag="001">3619855</marc:controlfield>
<marc:controlfield tag="005">20101026130504.0</marc:controlfield><marc:controlfield tag="008">040726q1870    enkdg     a     0   eng d</marc:controlfield><marc:datafield tag="034" ind1="1" ind2=" "><marc:subfield code="a">a</marc:subfield><marc:subfield code="b">253440</marc:subfield></marc:datafield><marc:datafield tag="110" ind1="2" ind2=" "><marc:subfield code="a">W.H. Smith &amp; Son.</marc:subfield></marc:datafield><marc:datafield tag="245" ind1="1" ind2="0"><marc:subfield code="a">South East Wales.</marc:subfield></marc:datafield><marc:datafield tag="246" ind1="1" ind2="4"><marc:subfield code="a">W.H.Smith &amp; Son's reduced ordnance map of South East Wales</marc:subfield></marc:datafield><marc:datafield tag="255" ind1=" " ind2=" "><marc:subfield code="a">Scale [ca. 1:253,440].</marc:subfield></marc:datafield><marc:datafield tag="260" ind1=" " ind2=" "><marc:subfield code="a">London :</marc:subfield><marc:subfield code="b">W.H. Smith &amp; Son,</marc:subfield><marc:subfield code="c">[1870?].</marc:subfield></marc:datafield><marc:datafield tag="300" ind1=" " ind2=" "><marc:subfield code="a">1 map :</marc:subfield><marc:subfield code="b">col. ;</marc:subfield><marc:subfield code="c">34 x 46 cm., folded in cover to 16 x 11 cm.</marc:subfield></marc:datafield><marc:datafield tag="500" ind1=" " ind2=" "><marc:subfield code="a">Relief shown by hachures and spot heights.</marc:subfield></marc:datafield><marc:datafield tag="651" ind1=" " ind2="0"><marc:subfield code="a">Wales, South</marc:subfield><marc:subfield code="v">Maps.</marc:subfield></marc:datafield><marc:datafield tag="655" ind1=" " ind2="0"><marc:subfield code="a">Maps.</marc:subfield></marc:datafield><marc:datafield tag="948" ind1="1" ind2=" "><marc:subfield code="a">20040726</marc:subfield><marc:subfield code="b">kta20</marc:subfield><marc:subfield code="c">ULMAP-h</marc:subfield><marc:subfield code="d">o</marc:subfield></marc:datafield></marc:record>
</marc:collection>
